@book{IEEE-1363,
  author={{IEEE Std 1363-2000}},
  title={{IEEE} Standard Specifications for Public-Key Cryptography},
  address={New York},
  publisher={IEEE},
  year={2000}
}

@inproceedings{kocher99,
  author={C. Kocher and J. Jaffe and B. Jun},
  title={Differential Power Analysis},
  editor={M. Wiener},
  booktitle={Advances in Cryptology ({CRYPTO}~'99)},
  series={Lecture Notes in Computer Science},
  volume={1666},
  pages={388-397},
  publisher={Springer-Verlag},
  month={August},
  year={1999}
}


@INCOLLECTION{Krasnogor2004e,
  AUTHOR = {N. Krasnogor},
  TITLE = {Towards robust memetic algorithms},
  BOOKTITLE = {Recent Advances in Memetic Algorithms},
  PUBLISHER = {Springer Berlin Heidelberg},
  YEAR = {2004},
  PAGES = {185-207},
  EDITOR = {W.E. Hart and N. Krasnogor and J.E. Smith},
  VOLUME = {166},
  SERIES = {Studies in Fuzziness and Soft Computing},  
  ADDRESS = {New York},  
}

@INCOLLECTION{zjsw,
  AUTHOR = {班固},
  TITLE = {苏武传},
  BOOKTITLE = {传记散文英华},
  PUBLISHER = {湖北人民出版社},
  YEAR = {1998},  
  PAGES = {65-69},
  EDITOR = {郑在瀛 and 汪超宏 and 周文复},
  VOLUME = {2},
  SERIES = {新古文观止丛书},  
  ADDRESS = {武汉},
  lang = {zh},
}


@INBOOK{clzs,
  AUTHOR = {阎真},
  TITLE = {沧浪之水},
  CHAPTER = {大人物还是讲人情的},
  PAGES = {185-207},
  PUBLISHER = {人民文学出版社},
  YEAR = {2001},  
  lang = {zh},
}

@Book{tex,
 author    = "Donald E. Knuth",
 title     = "The {\TeX} Book",
 publisher = "Addison-Wesley Publishing Company",
 address   = "Reading, MA",
 year      = 1989,
 edition   = "15th",
}

@Book{companion,
 author    = "Michel Goosens and Frank Mittelbach and Alexander Samarin",
 title     = "The {\LaTeX} Companion",
 publisher = "Addison-Wesley Publishing Company",
 address   = "Reading, MA",
 PAGES = "112--125",
 year      = 1994,
}

@ARTICLE{ELIDRISSI94,
  AUTHOR =       "{Chafik El Idrissi}, M. and {Roney}, A. and {Frigon}, C. and
                  {Larzilli{\`e}re}, M.",
  TITLE =        "Measurements of total kinetic-energy released to the {$N=2$}
                  dissociation limit of {H}$_2$ --- evidence of the dissociation
                  of very high vibrational {R}ydberg states of {H}$_2$ by
                  doubly-excited states",
  JOURNAL =      "Chemical Physics Letters",
  PAGES =        "260-266",
  VOLUME =       224,
  NUMBER =       10,
  YEAR =         1994,
}

@ARTICLE{MELLINGER96,
  AUTHOR =       "Mellinger, A. and Vidal, C. R. and Jungen, Ch.",
  TITLE =        "Laser reduced fluorescence study of the carbon-monoxide nd
                  triplet {R}ydberg series-experimental results and multichannel
                  quantum-defect analysis",
  JOURNAL =      "J. Chem. Phys.",
  PAGES =        "8913-8921",
  VOLUME =       104,
  NUMBER =       5,
  YEAR =         1996,
}

@ARTICLE{SHELL02,
  AUTHOR =       "Michael Shell",
  TITLE =        "How to Use the {IEEEtran \LaTeX} Class",
  JOURNAL =      "Journal of {\LaTeX} Class Files",
  YEAR =         2002,
  VOLUME =       12,
  NUMBER =       4,
  PAGES =        "100--120"
}

@TechReport{NPB2,
  title =        {The {NAS} Parallel Benchmarks 2.0},
  author =       {Alex Woo and David Bailey and Maurice Yarrow and Wijngaart
                  Wijngaart and Tim Harris and William Saphir},
  year =         1995,
  month =        dec # "~05",
  institution =  "The Pennsylvania State University CiteSeer Archives",
  url =          "http://www.nasa.org/"
}

@INPROCEEDINGS{DPMG,
  author =       {Kim, Sangbum and Woo, Namyoon and Yeom, Heon Y. and Park,
                  Taesoon and Park, Hyoungwoo},
  title =        {Design and {I}mplementation of {D}ynamic {P}rocess
                  {M}anagement for {G}rid-enabled {MPICH}},
  booktitle =    {the 10th European PVM/MPI Users' Group Conference},
  year =         2003,
  address =      {Venice, Italy},
  month =        sep,
}

@INPROCEEDINGS{cnproceed,
  author =       {王重阳 and 黄药师 and 欧阳峰 and 洪七公 and 段皇帝},
  title =        {武林高手从入门到精通},
  booktitle =    {第~$N$~次华山论剑},
  year =         2006,
  address =      {西安, 中国},
  month =        sep,
  lang =         "zh",
}

@ARTICLE{cnarticle,
  AUTHOR =       "贾宝玉 and 林黛玉 and 薛宝钗 and 贾探春",
  TITLE =        "论刘姥姥食量大如牛之现实意义",
  JOURNAL =      "红楼梦杂谈",
  PAGES =        "260--266",
  VOLUME =       224,
  YEAR =         1800,
  LANG =         "zh",
}

@MastersThesis{zhubajie,
  author =       {猪八戒},
  title =        {论流体食物的持久保存},
  school =       {广寒宫大学},
  year =         2005,
  address =      {北京},
  lang =         "zh",
}

@PhdThesis{shaheshang,
  author =       {沙和尚},
  title =        {论流沙河的综合治理},
  school =       {清华大学},
  year =         2005,
  address =      {北京},
  lang =         "zh",
}

@MastersThesis{metamori2004,
  author =       {Ashwin Raju Jeyakumar},
  title =        {Metamori: A library for Incremental File Checkpointing},
  school =       {Virgina Tech},
  year =         2004,
  month =        jun # "~21",
  address =      {Blacksburg},
}

@PHDTHESIS{FistSystem01,
  AUTHOR =       "Erez Zadok",
  TITLE =        "{FiST: A System for Stackable File System Code Generation}",
  YEAR =         2001,
  MONTH =        "May",
  SCHOOL =       "Computer Science Department, Columbia University",
  ADDRESS =      "USA"
}

@INBOOK{ColdSources,
  AUTHOR =       {P. Gr{\"o}ning and L. Nilsson and P. Ruffieux and R.
                  Clergereaux and O. Gr{\"o}ning},
  TITLE =        {Encyclopedia of Nanoscience and Nanotechnology},
  pages =        {547--579},
  PUBLISHER =    {American Scientific Publishers},
  YEAR =         2004,
  volume =       1,
}


%%%%MOOD

@inproceedings{followback,
  author  = "John Hopcroft and Tiancheng Lou and Jie Tang",
  year = "2011",
  title = "Who Will Follow You Back? Reciprocal Relationship Prediction",
  booktitle = "The 20th ACM Conference on Information and Knowledge Management (CIKM 2011)"
}
@inproceedings{jianc,
  author  = "Jian Cui and Guodong Sun and Bin Xu",
  year = "2011",
  title = "AD-Sense - Activity-driven Sensing for Mobile Devices",
  booktitle = "The 9th ACM Conference on Embedded Networked Sensor Systems (SenSys'11)"
  
}
@article{assessmood,
author = "Peter Wilhelm and Dominik Schoebi",
title = "Assessing Mood in Daily Life - Structural Validity, Sensitivity to Change, and Reliability of a Short-Scale to Measure Three Basic Dimensions of Mood",
journal = "European Journal of Psychological Assessment",
volume = "23",
year = "2007",
pages = "258-267"
}
@article{factorgraph,
author = "Frank R. Kschischang and Bredan J. Frey and Hans-Andrea Loeliger",
title = "Factor Graphs and the Sum-Product Algorithm",
journal = "IEEE Transaction on Information Theory",
volume = "47",
no = "2",
month = feb,
year = "2001",
pages = "498-519"
}
@article{mobilephoneassessmood,
author = "Delphine S. Courvoisier and Michael Eid and Tanjia Lischetzke and Walter H. Schreiber",
title = "Psychometric Properties of a Computerized Mobile Phone Method for Assessing Mood in Daily Life",
journal = "Emotion",
volume = "10",
no = "1",
year = "2010",
page = "115-124"
}
@article{socialEmotion,
author = "Jie Tang and Yuan Zhang and Jimeng Sun and Jinghai Rao and Wenjing Yu and Yiran Chen and ACM Fong",
title = "Quantitative Study of Individual Emotional States in Social Networks",
year = "2011",
journal = "IEEE Transactions on Affective Computing"
}
@inproceedings{myHealth,
  author  = "Christian Seeger and Alejandro Buchmann and Kristof Van Laerhoven",
  title = "myHealthAssistant: A Phone-based Body Sensor Network that Captures the Wearer's Exercises throughout the Day",
  booktitle = "BodyNets",
  year = "2011"
}
@misc{sensorevent,
  title         = "SensorEvent Documentation for Android developers",
  author  = "Android Open Source Project",
  booktitle           = "http://developer.android.com/reference/android/hardware/SensorEvent.html"
}
@inproceedings{activityRecognition,
author = "L. Bao and S. Intille",
title = "Activity recognition from user-annotated acceleration data",
year = "2004",
booktitle = "LNCS 3001",
pages = "1-17"
}
@book{mood,
author = "Thayer, Robert E.",
title = "The Biopsychology of Mood and Arousal",
publisher = "Oxford University Press",
year = "1998",
address = "New York, NY"
}
@book{mooddimension,
author = "Thayer, Robert E.",
title = "The Origin of Everyday Moods: managing energy, tension and stress",
publisher = "Oxford University Press",
year = "1996",
address = "New York, NY"
}
@ARTICLE{surveyofsensor,
author={Lane, N.D. and Miluzzo, E. and Hong Lu and Peebles, D. and Choudhury, T. and Campbell, A.T.}, 
journal={Communications Magazine, IEEE}, 
title={A survey of mobile phone sensing}, 
year={2010}, 
month={sept. }, 
volume={48}, 
number={9}, 
pages={140 -150}, 
keywords={App Phones;Apple AppStore;GPS;accelerometer;camera;communication device;digital compass;embedded sensors;environmental monitoring;gyroscope;healthcare;microphone;mobile phone sensing;smart phones;social networks;transportation;Apple computers;Global Positioning System;cameras;compasses;gyroscopes;health care;intelligent sensors;microphones;mobile handsets;social networking (online);}, 
doi={10.1109/MCOM.2010.5560598}, 
ISSN={0163-6804},}

@inproceedings{activity,
 author = {Arase, Yuki and Ren, Fei and Xie, Xing},
 title = {User activity understanding from mobile phone sensors},
 booktitle = {Proceedings of the 12th ACM international conference adjunct papers on Ubiquitous computing},
 series = {Ubicomp '10},
 year = {2010},
 location = {Copenhagen, Denmark},
 pages = {391--392},
 numpages = {2},
 acmid = {1864452},
 publisher = {ACM},
 address = {New York, NY, USA},
 keywords = {activity understanding, context acquisition, context-awareness, mobile phone, sensor},
}
@INPROCEEDINGS{localization, 
author={Constandache, I. and Choudhury, R.R. and Rhee, I.}, 
booktitle={INFOCOM, 2010 Proceedings IEEE}, 
title={Towards Mobile Phone Localization without War-Driving}, 
year={2010}, 
month={march}, 
volume={}, 
number={}, 
pages={1 -9}, 
keywords={Nokia phones;accelerometers;electronic compasses;human-scale environments;local electronic map;mobile phone localization;noisy phone sensors;person walking pattern matching;person walking pattern recording;accelerometers;cartography;mobile handsets;mobility management (mobile radio);pattern matching;}, 
doi={10.1109/INFCOM.2010.5462058}, 
ISSN={0743-166X},}

@article{kmeans,
 jstor_articletype = {research-article},
 title = {Algorithm AS 136: A K-Means Clustering Algorithm},
 author = {Hartigan, J. A. and Wong, M. A.},
 journal = {Journal of the Royal Statistical Society. Series C (Applied Statistics)},
 jstor_issuetitle = {},
 volume = {28},
 number = {1},
 jstor_formatteddate = {1979},
 pages = {pp. 100-108},
 ISSN = {00359254},
 abstract = {},
 year = {1979},
 publisher = {Blackwell Publishing for the Royal Statistical Society},
 copyright = {Copyright 1979 Royal Statistical Society},
}
@article{realitymining,
 author = {Eagle, Nathan and (Sandy) Pentland, Alex},
 title = {Reality mining: sensing complex social systems},
 journal = {Personal Ubiquitous Comput.},
 issue_date = {March 2006},
 volume = {10},
 number = {4},
 month = mar,
 year = {2006},
 issn = {1617-4909},
 pages = {255--268},
 numpages = {14},
 doi = {10.1007/s00779-005-0046-3},
 acmid = {1122745},
 publisher = {Springer-Verlag},
 address = {London, UK, UK},
 keywords = {Bluetooth, Complex social systems, Mobile phones, User modeling, Wearable computing},
}
@INPROCEEDINGS{moodsleepsocial, 
author={Moturu, S.T. and Khayal, I. and Aharony, N. and Pan, W. and Pentland, A.}, 
booktitle={Privacy, security, risk and trust (passat), 2011 ieee third international conference on social computing (socialcom)}, 
title={Using Social Sensing to Understand the Links between Sleep, Mood, and Sociability}, 
year={2011}, 
month={oct.}, 
volume={}, 
number={}, 
pages={208 -214}, 
keywords={mood behavior;public health perspective;reality mining experiment;sleep behavior;smartphone sensing;sociability behavior;social behavior;social sensing;behavioural sciences computing;data mining;social networking (online);}, 
doi={10.1109/PASSAT/SocialCom.2011.200}, 
ISSN={},}
@article{mh,
author = {Chib, Siddhartha and Greenberg, Edward},
title = {Understanding the Metropolis-Hastings Algorithm},
journal = {The American Statistician},
volume = {49},
number = {4},
pages = {327-335},
year = {1995},
doi = {10.1080/00031305.1995.10476177},

URL = {http://amstat.tandfonline.com/doi/abs/10.1080/00031305.1995.10476177},
eprint = {http://amstat.tandfonline.com/doi/pdf/10.1080/00031305.1995.10476177}
}
@article{motion,
author = {Siegel, Jerome M and Boehmer, Lisa N},
title = {Narcolepsy and the hypocretin system[mdash]where motion meets emotion},
journal = {Nature Clinical Practice Neurology},
year = {2006}
}

@article{disorder,
author = {Kessler RC and Chiu WT and Demler O and Walters EE},
title = {Prevalence, severity, and comorbidity of twelve-month DSM-IV disorders in the National Comorbidity Survey Replication (NCS-R)},
journal = { Archives of General Psychiatry},
year = {2005},
volume = {62},
number = {6},
pages = {617-27}
}

@inproceedings{moturu2011using,
  title={Using social sensing to understand the links between sleep, mood, and sociability},
  author={Moturu, S.T. and Khayal, I. and Aharony, N. and Pan, W. and Pentland, A.},
  booktitle={Privacy, security, risk and trust (passat), 2011 ieee third international conference on and 2011 ieee third international conference on social computing (socialcom)},
  pages={208--214},
  year={2011},
  organization={IEEE}
}

@article{childmood,
author = {Manassis, Katharina and Mendlowitz, Sandra and Kreindler, David and Lumsden, Charles and Sharpe, Jason and Simon, Mark D. and Woolridge, Nicholas and Monga, Suneeta and Adler-Nevo, Gili},
title = {Mood Assessment Via Animated Characters: A Novel Instrument to Evaluate Feelings in Young Children With Anxiety Disorders},
journal = {Journal of Clinical Child and Adolescent Psychology},
volume = {38},
number = {3},
pages = {380-389},
year = {2009},
doi = {10.1080/15374410902851655},
note ={PMID: 19437298},

URL = {http://www.tandfonline.com/doi/abs/10.1080/15374410902851655},
eprint = {http://www.tandfonline.com/doi/pdf/10.1080/15374410902851655}
}
@article{silk2011daily,
  title={Daily emotional dynamics in depressed youth: A cell phone ecological momentary assessment study},
  author={Silk, J.S. and Forbes, E.E. and Whalen, D.J. and Jakubcak, J.L. and Thompson, W.K. and Ryan, N.D. and Axelson, D.A. and Birmaher, B. and Dahl, R.E.},
  journal={Journal of experimental child psychology},
  volume={110},
  number={2},
  pages={241--257},
  year={2011},
  publisher={Elsevier}
}

%%%%

%%%%MDAP


@inproceedings{widm01Mobasher,
 author = {Mobasher, Bamshad and Dai, Honghua and Luo, Tao and Nakagawa, Miki},
 title = {Effective personalization based on association rule discovery from web usage data},

 series = {WIDM '01},
 year = {2001},
 isbn = {1-58113-444-4},
 location = {Atlanta, Georgia, USA},
 pages = {9--15},
 numpages = {7},
 url = {http://doi.acm.org/10.1145/502932.502935},
 doi = {10.1145/502932.502935},
 acmid = {502935},
 keywords = {association rules, collaborative filtering, personalization, web usage mining},
} 
@INPROCEEDINGS{fuzzy02phatak, 
author={Phatak, D.S. and Mulvaney, R.}, 
booktitle={Fuzzy Systems, 2002}, 
title={Clustering for personalized mobile Web usage}, 
keywords={Internet;clustering;fuzzy set theory;incidence matrix;mobile web usage;personalization;user action prediction;user action profiling;Internet;fuzzy set theory;information retrieval;matrix algebra;mobile computing;pattern clustering;}, 
doi={10.1109/FUZZ.2002.1005079}, 
ISSN={},
}
@article{kdd00kosala,
 author = {Kosala, Raymond and Blockeel, Hendrik},
 title = {Web mining research: a survey},
 journal = {SIGKDD Explor. Newsl.},
 issue_date = {June, 2000},
 volume = {2},
 number = {1},
 month = jun,
 year = {2000},
 issn = {1931-0145},
 pages = {1--15},
 numpages = {15},
 url = {http://doi.acm.org/10.1145/360402.360406},
 doi = {10.1145/360402.360406},
 acmid = {360406},
 keywords = {Web, data mining, information extraction, information retrieval},
} 
@article{ist06tseng,
title = "Efficient mining and prediction of user behavior patterns in mobile web systems",
journal = "Information and Software Technology",
year = "2006",
issn = "0950-5849",
doi = "10.1016/j.infsof.2005.12.014",
url = "http://www.sciencedirect.com/science/article/pii/S0950584905002004",
author = "Vincent S. Tseng and Kawuu W. Lin"
}
@article{kdd00srivastava,
 author = {Srivastava, Jaideep and Cooley, Robert and Deshpande, Mukund and Tan, Pang-Ning},
 title = {Web usage mining: discovery and applications of usage patterns from Web data},
 journal = {SIGKDD Explor. Newsl.},
 issue_date = {January 2000},
 year = {2000},
 url = {http://doi.acm.org/10.1145/846183.846188},
 doi = {10.1145/846183.846188},
 acmid = {846188},
 keywords = {data mining, web usage mining, world wide web},
} 
@inproceedings{mum10do,
 author = {Do, Trinh-Minh-Tri and Gatica-Perez, Daniel},
 title = {By their apps you shall understand them: mining large-scale patterns of mobile phone usage},
 series = {MUM '10},
 year = {2010},
 isbn = {978-1-4503-0424-5},
 location = {Limassol, Cyprus},
 url = {http://doi.acm.org/10.1145/1899475.1899502},
 doi = {10.1145/1899475.1899502},
 acmid = {1899502},
} 
@article{puc09verkasalo,
year={2009},
journal={Personal and Ubiquitous Computing},
doi={10.1007/s00779-008-0197-0},
title={Contextual patterns in mobile service usage},
url={http://dx.doi.org/10.1007/s00779-008-0197-0},
publisher={Springer-Verlag},
keywords={Context-oriented services; Ubiquitous computing; Mobile services},
author={Verkasalo, Hannu},
language={English}
}
@article{debu10zheng,
  author    = {Yu Zheng and
               Xing Xie and
               Wei-Ying Ma},
  title     = {GeoLife: A Collaborative Social Networking Service among
               User, Location and Trajectory},
  journal   = {IEEE Data Eng. Bull.},
  year      = {2010},
  ee        = {http://sites.computer.org/debull/A10june/geolife.pdf},
  bibsource = {DBLP, http://dblp.uni-trier.de}
}
@inproceedings{sigir09white,
 author = {White, Ryen W. and Bailey, Peter and Chen, Liwei},
 title = {Predicting user interests from contextual information},
 series = {SIGIR '09},
 year = {2009},
 url = {http://doi.acm.org/10.1145/1571941.1572005},
 doi = {10.1145/1571941.1572005},
 acmid = {1572005},
 keywords = {context, user interest modeling, website recommendation},
} 
@ARTICLE{tkde08nasraoui, 
author={Nasraoui, O. and Soliman, M. and Saka, E. and Badia, A. and Germain, R.}, 
journal={Knowledge and Data Engineering, IEEE Transactions on}, title={A Web Usage Mining Framework for Mining Evolving User Profiles in Dynamic Web Sites}, 
year={2008}, 
keywords={Web content ontology;Web log file;Web usage mining framework;customer behaviour;customer relationship management;dynamic Web site;information need;search query extraction;user profile;Web sites;consumer behaviour;customer relationship management;data mining;information needs;information retrieval;ontologies (artificial intelligence);}, 
doi={10.1109/TKDE.2007.190667}, 
ISSN={1041-4347},}
@inproceedings{pm2hw2n12almutairi,
 author = {Almutairi, Abdullah and Somaiya, Manas and Moghaddam, Saeed and Ranka, Sanjay and Helmy, Ahmed},
 title = {A global local modeling of internet usage in large mobile societies},
 series = {PM2HW2N '12},
 year = {2012},
 url = {http://doi.acm.org/10.1145/2387191.2387202},
 doi = {10.1145/2387191.2387202},
 acmid = {2387202},
 keywords = {data-driven modeling, mixture models, wireless networks},
} 
@INPROCEEDINGS{icina10xu, 
author={JinHua Xu and Hong Liu}, 
series={ICINA '10},
title={Web user clustering analysis based on KMeans algorithm}, 
year={2010}, 
keywords={Web usage mining;Web user clustering analysis;kmeans algorithm;personalized Web services;Web services;data mining;pattern clustering;}, 
doi={10.1109/ICINA.2010.5636772}, 
ISSN={},}
@INPROCEEDINGS{kdex99mobasher, 
author={Mobasher, B. and Cooley, R. and Srivastava, J.}, 
title={Creating adaptive Web sites through usage-based clustering of URLs }, 
year={1999}, 
series={KDEX '99},
keywords={URL clustering;adaptive Web site creation;association rule discovery;automatic Web page customization;common user profiles;offline tasks;ongoing Web activity;online process;real Web usage data;real time personalization;usage based Web personalization;usage based clustering;usage data mining;data mining;document handling;information resources;real-time systems;}, 
doi={10.1109/KDEX.1999.836525}, 
ISSN={},}
@inproceedings{www08cui,
 author = {Cui, Yanqing and Roto, Virpi},
 title = {How people use the web on mobile devices},
 series = {WWW '08},
 year = {2008},
 url = {http://doi.acm.org/10.1145/1367497.1367619},
 doi = {10.1145/1367497.1367619},
 acmid = {1367619},
 keywords = {activity taxonomy, content object handling, information seeking, mobile web, personal space extension},
} 
@article{env07park,
 title={Location-Based Recommendation System Using Bayesian User's Preference Model in Mobile Devices},
url={http://www.springerlink.com/index/j10232118932324j.pdf}, 
journal={Environment}, 
publisher={Springer Berlin / Heidelberg}, 
author={Park, Moon-hee and Hong, Jin-hyuk and Cho, Sung-bae}, 
editor={Indulska, Jadwiga and Ma, Jianhua and Yang, Laurence and Ungerer, Theo and Cao, JiannongEditors},
 year={2007}
}
@inproceedings{www10zheng,
 author = {Zheng, Vincent W. and Zheng, Yu and Xie, Xing and Yang, Qiang},
 title = {Collaborative location and activity recommendations with GPS history data},
 series = {WWW '10},
 year = {2010},
 url = {http://doi.acm.org/10.1145/1772690.1772795},
 doi = {10.1145/1772690.1772795},
 acmid = {1772795},
 keywords = {collaborative filtering, location and activity recommendations},
} 
@inproceedings{mm08farrahi,
 author = {Farrahi, Katayoun and Gatica-Perez, Daniel},
 title = {What did you do today?: discovering daily routines from large-scale mobile data},
 series = {MM '08},
 year = {2008},
 url = {http://doi.acm.org/10.1145/1459359.1459503},
 doi = {10.1145/1459359.1459503},
 acmid = {1459503},
 keywords = {human activity modeling, mobile phone, reality mining, routine discovery, topic models},
} 
@article{tist11farrahi,
 author = {Farrahi, Katayoun and Gatica-Perez, Daniel},
 title = {Discovering routines from large-scale human locations using probabilistic topic models},
 journal = {ACM Trans. Intell. Syst. Technol.},
 issue_date = {January 2011},
 url = {http://doi.acm.org/10.1145/1889681.1889684},
 doi = {10.1145/1889681.1889684},
 acmid = {1889684},
 keywords = {Human activity modeling, reality mining, topic models},
} 
@article{jmlr03blei,
 author = {Blei, David M. and Ng, Andrew Y. and Jordan, Michael I.},
 title = {Latent dirichlet allocation},
 journal = {J. Mach. Learn. Res.},
 issue_date = {3/1/2003},
 url = {http://dl.acm.org/citation.cfm?id=944919.944937},
 acmid = {944937}
} 
@inproceedings{www08phan,
  added-at = {2009-01-07T12:43:18.000+0100},
  author = {Phan, Xuan-Hieu and Nguyen, Le-Minh and Horiguchi, Susumu},

  series={WWW '08},
  timestamp = {2009-01-07T12:43:18.000+0100},
  title = {Learning to classify short and sparse text \& web with hidden topics from large-scale data collections},
  url = {http://portal.acm.org/citation.cfm?doid=1367497.1367510},
  year = 2008
}
@article{nas04griffiths,
  title={Finding scientific topics},
  author={Griffiths, T.L. and Steyvers, M.},
  journal={Proceedings of the National Academy of Sciences of the United States of America},

}
@inproceedings{ester1996density,
  title={A density-based algorithm for discovering clusters in large spatial databases with noise},
  author={Ester, M. and Kriegel, H.P. and Sander, J. and Xu, X.},
  series={KDD '96},
}

@inproceedings{kdd08tang,
 author = {Tang, Jie and Zhang, Jing and Yao, Limin and Li, Juanzi and Zhang, Li and Su, Zhong},
 title = {ArnetMiner: extraction and mining of academic social networks},
 series = {KDD '08},
 url = {http://doi.acm.org/10.1145/1401890.1402008},
 doi = {10.1145/1401890.1402008},
 acmid = {1402008},
 keywords = {association search, expertise search, information extraction, name disambiguation, social network, topic modeling},
} 

@inproceedings{kdd04steyvers,
 author = {Steyvers, Mark and Smyth, Padhraic and Rosen-Zvi, Michal and Griffiths, Thomas},
 title = {Probabilistic author-topic models for information discovery},
 series = {KDD '04},
 url = {http://doi.acm.org/10.1145/1014052.1014087},
 doi = {10.1145/1014052.1014087},
 acmid = {1014087},
 keywords = {Gibbs sampling, text modeling, unsupervised learning},
} 
@inproceedings{kdd12tang,
 author = {Tang, Jie and Wu, Sen and Sun, Jimeng and Su, Hang},
 title = {Cross-domain collaboration recommendation},
 series = {KDD '12},
 url = {http://doi.acm.org/10.1145/2339530.2339730},
 doi = {10.1145/2339530.2339730},
 acmid = {2339730},
 keywords = {collaboration recommendation, social influence, social network},
} 
@inproceedings{infocom06kim,
  title={Extracting a mobility model from real user traces},
  author={Kim, Minkyong and Kotz, David and Kim, Songkuk},
  booktitle={Proc. IEEE Infocom},
  volume={6},
  pages={1--13},
  year={2006}
}

@inproceedings{liu2008identifying,
  title={Identifying web spam with user behavior analysis},
  author={Liu, Yiqun and Cen, Rongwei and Zhang, Min and Ma, Shaoping and Ru, Liyun},
  booktitle={Proceedings of the 4th international workshop on Adversarial information retrieval on the web},
  pages={9--16},
  year={2008},
  organization={ACM}
}

@article{granka2004eye,
  title={Eye-Tracking Analysis of User Behavior in WWW Search},
  author={Granka, Laura A and Joachims, Thorsten and Gay, Geri},
  year={2004}
}

@inproceedings{engle2012shark,
  title={Shark: fast data analysis using coarse-grained distributed memory},
  author={Engle, Cliff and Lupher, Antonio and Xin, Reynold and Zaharia, Matei and Franklin, Michael J and Shenker, Scott and Stoica, Ion},
  booktitle={Proceedings of the 2012 international conference on Management of Data},
  pages={689--692},
  year={2012},
  organization={ACM}
}
@article{borthakur2007hadoop,
  title={The hadoop distributed file system: Architecture and design},
  author={Borthakur, Dhruba},
  journal={Hadoop Project Website},
  volume={11},
  pages={21},
  year={2007}
}

@book{gropp1999using,
  title={Using MPI-: Portable Parallel Programming with the Message Passing Interface},
  author={Gropp, William and Lusk, Ewing L and Skjellum, Anthony},
  volume={1},
  year={1999},
  publisher={MIT press}
}
@article{forman1994challenges,
  title={The challenges of mobile computing},
  author={Forman, George H and Zahorjan, John},
  journal={Computer},
  volume={27},
  number={4},
  pages={38--47},
  year={1994},
  publisher={IEEE}
}

@article{satyanarayanan2011mobile,
  title={Mobile computing: the next decade},
  author={Satyanarayanan, Mahadev},
  journal={ACM SIGMOBILE Mobile Computing and Communications Review},
  volume={15},
  number={2},
  pages={2--10},
  year={2011},
  publisher={ACM}
}

@inproceedings{laurila2012mobile,
  title={The mobile data challenge: Big data for mobile computing research},
  author={Laurila, Juha K and Gatica-Perez, Daniel and Aad, Imad and Blom, Jan and Bornet, Olivier and Do, Trinh-Minh-Tri and Dousse, Olivier and Eberle, Julien and Miettinen, Markus},
  booktitle={Proceedings of the Workshop on the Nokia Mobile Data Challenge, in Conjunction with the 10th International Conference on Pervasive Computing},
  pages={1--8},
  year={2012}
}

@book{turner1991social,
  title={Social influence},
  author={Turner, John C},
  year={1991},
  publisher={Open University Press Milton Keynes}
}

@article{eastwick2009game,
  title={Is it a game? Evidence for social influence in the virtual world},
  author={Eastwick, Paul W and Gardner, Wendi L},
  journal={Social Influence},
  volume={4},
  number={1},
  pages={18--32},
  year={2009},
  publisher={Taylor \& Francis}
}


@inproceedings{likamwa2011can,
  title={Can your smartphone infer your mood?},
  author={LiKamWa, Robert and Liu, Yunxin and Lane, Nicholas D and Zhong, Lin},
  booktitle={PhoneSense workshop},
  year={2011}
}

@inproceedings{mascolo2011mobile,
  title={Mobile Sensing for Mass-Scale Behavioural Intervention},
  author={Mascolo, Cecilia and Musolesi, Mirco and Rentfrow, Peter J},
  booktitle={NSF Workshop on Pervasive Computing at Scale (PeCS) University of Washington Seattle, WA January},
  pages={27--28},
  year={2011}
}

@inproceedings{rachuri2010emotionsense,
  title={EmotionSense: a mobile phones based adaptive platform for experimental social psychology research},
  author={Rachuri, Kiran K and Musolesi, Mirco and Mascolo, Cecilia and Rentfrow, Peter J and Longworth, Chris and Aucinas, Andrius},
  booktitle={Proceedings of the 12th ACM international conference on Ubiquitous computing},
  pages={281--290},
  year={2010},
  organization={ACM}
}

@inproceedings{pautasso2008restful,
  title={Restful web services vs. big'web services: making the right architectural decision},
  author={Pautasso, Cesare and Zimmermann, Olaf and Leymann, Frank},
  booktitle={Proceedings of the 17th international conference on World Wide Web},
  pages={805--814},
  year={2008},
  organization={ACM}
}

@inproceedings{Bai:2012:YGS:2442691.2442720,
 author = {Bai, Yin and Xu, Bin and Ma, Yuanchao and Sun, Guodong and Zhao, Yu},
 title = {Will you have a good sleep tonight?: sleep quality prediction with mobile phone},
 booktitle = {Proceedings of the 7th International Conference on Body Area Networks},
 series = {BodyNets '12},
 year = {2012},
 isbn = {978-1-936968-60-2},
 location = {Oslo, Norway},
 pages = {124--130},
 numpages = {7},
 url = {http://dl.acm.org/citation.cfm?id=2442691.2442720},
 acmid = {2442720},
 publisher = {ICST (Institute for Computer Sciences, Social-Informatics and Telecommunications Engineering)},
 address = {ICST, Brussels, Belgium, Belgium},
 keywords = {factor graph model, mobile phone, sleep quality prediction},
} 

@misc{aharonyfunf,
  title={F{\"u}nf, Open Sensing Framework},
  author={Aharony, N and Gardner, A and Sumter, C and Pan, W and Montjoye, YA and Pentland, A}
}

%%%%

@inproceedings{20122515123980,
language = {English},
copyright = {Compilation and indexing terms, Copyright 2013 Elsevier Inc.},
copyright = {Compendex},
title = {Building linked open university data: tsinghua university open data as a showcase},
journal = {Lecture Notes in Computer Science (including subseries Lecture Notes in Artificial Intelligence and Lecture Notes in Bioinformatics)},
author = {Ma, Yuanchao and Xu, Bin and Bai, Yin and Li, Zonghui},
volume = {7185 LNCS},
year = {2012},
pages = {385 - 393},
issn = {03029743},
address = {Hangzhou, China},
keywords = {Data acquisition;Semantic Web;},
}

@inproceedings{20122515131481,
language = {English},
copyright = {Compilation and indexing terms, Copyright 2013 Elsevier Inc.},
copyright = {Compendex},
title = {Daily mood assessment based on mobile phone sensing},
journal = {Proceedings - BSN 2012: 9th International Workshop on Wearable and Implantable Body Sensor Networks},
author = {Ma, Yuanchao and Xu, Bin and Bai, Yin and Sun, Guodong and Zhu, Run},
year = {2012},
pages = {142 - 147},
address = {London, United kingdom},
URL = {http://dx.doi.org/10.1109/BSN.2012.3},
} 